
%---------------PROBLEMA DE SLAM------------------------------
@article{localizacaoEMapeamentoPaulo,
	Author = {Paulo Roberto Godoi De Oliveira},
	Title = {Auto-Localização e Construção de Mapas de Ambiente para Robôs Móveis Baseados em Visão Omnidirecional Estéreo},
	Year = {2008},
	Address = {São Paulo, Brasil},
}

@book{roboticaIndustrial,
	Author = {Vitor Ferreira Romano},
	Title = {Introdução à Robótica Industrial},
	Year = {2002},
	Booktitle = {Robótica Industrial: Aplicação na Indústria de Manufatura e de Processos.},
	publisher = {Edgard Blücher Ltda},
	isbn = 8521203152,
}

@book{interacaoRoboAmbiente,
	Author = {Anna Helena Reali Costa and
	 Jun {Okamoto Jr.}},
	Title = {Robótica Industrial - Interação de Robô no Ambiente},
	Year = {2002},
	publisher = {Edgard Blücher Ltda},
	Booktitle = {Robótica Industrial: Aplicação na Indústria de Manufatura e de Processos.},
	isbn = 8521203152,
}

%Este robo ganhou um dos campeonatos micro-rato.
@article{roboBulldozerIV,
	Author = {Frederico M. Santos and Valter F. Silva and Luís Almeida},
	Title = {Auto-localização em Pequenos Robôs Móveis e Autônomos:
O Caso do Robô Bulldozer IV},
	Year = {2002},
}

%Competição de robótica em ambiente virtual
@article{ciber-rato,
	Author = {Nuno Lau and Arthur Pereira and Andreia Melo and António Neves and João Figueiredo},
	Title = {Ciber-Rato: Uma Competição Robótica num Ambiente Virtual},
	Year = {2002},
}

@article{slamProblem,
	Author = {Gamini Dissanayake and Paul Newman and Steven Clark and Hugh F. Durrant-Whyte and M. Csorba},
	Title = {A Solution to the Simultaneous Localization and Map Building (SLAM) Problem},
	Year = {2001},
	Address = {The University of Sydney, Australia},
}


%Artigo que aplica melhorias em um robô de limpeza, para melhor auto-localização
@article{melhoramentoServicoLimpeza,
	Author = {João Manuel Ferreira Martins},
	Title = {Melhoramento do Desempenho do Robot de Serviço de Limpeza},
	Year = {2008},
	Address = {Faculdade de Engenharia da Universidade do Porto},
}

%Artigo que apresenta um robô para exploração de Marte.
@article{explore_marte,
  title={Two years of visual odometry on the mars exploration rovers},
  author={Maimone, Mark and Cheng, Yang and Matthies, Larry},
  journal={Journal of Field Robotics},
  volume={24},
  number={3},
  pages={169--186},
  year={2007},
  publisher={Wiley Online Library}
}

%Artigo que fala sobre a utilização de robôs móveis simples para o desenvolvimento de estudantes no contexto da engenharia.
@article{simpleMobile,
  title={Simple Mobile Robots for Introduction into Engineering},
  author={M.T. Chew and S. Demidenko and L. Huang and C. Messom and G.SenGupta and M. Watts},
  journal={International Instrumentation and Measurement Technology Conference},
  year={2009}
}


%Artigo sobre auto-localização, que utiliza filtro de Kalman
@article{agenteExploratorioKalman,
  title={Módulo de Auto-Localização para um Agente Exploratório usando Filtro de Kalman},
  author={Karla Fedrizzi Machado},
  Address = {Universidade Federal do Rio Grande do Sul - Instituto de Informática},
  year={2003}
}

%Artigo que faz uma integração de visão com odometria para solucionar o problema de SLAM, em um robô simples.
@article{integrationVisionSLAMnonlinear,
  title={Integration of Vision based SLAM and Nonlinear Filter for Simple Mobile Robot Navigation},
  author={Dae Hee Won and Young Jae Lee and Sangkyung Sung and Taesam Kang},
  Address = {Konkuk University Seoul, Korea},
  year={2008}
}

%Aplicação do filtro de kalman num robô de limpeza
@article{theCleaningProject,
  title={The Cleaning Robot Project Aplicação do Filtro de Kalman na Auto-Localização de um Sistema Robótico Autónomo},
  author={Fernando Pedro Vieira Freitas Pinto},
  Address = {Faculdade de Engenharia da Universidade do Porto},
  year={2008}
}


%-----------------------ROBÓTICA EDUCACIONAL------------------------
@article{teachingWithRoboticKit,
	Author = {Stefano Galvan and Debora Botturi and Andrea Castellani and Paolo Fiorini},
	Title = {Innovative Robotics Teaching Using Lego Sets},
	Year = {2006},
	Address = {University of Verona, Italy},
}

@article{drawLegoRobot,
	Author = {Ákos Hámori and János Lengyel and Barna Reskó},
	Title = {3DOF drawing robot using LEGO-NXT},
	Year = {2011},
	Address = {Óbuda University, Hungary},
}

%Robótica educacional baseada em Lego
@article{roboticEducationBasedLego,
	Author = {Shuying Zhao and Wenjun Tan and Shiguang Wen and Chongshuang Guo},
	Title = {Research on Robotic Education Based on LEGO Bricks},
	Year = {2008},
	Address = {School of Information Science and Engineering, Northeastern University},
}

@article{evaluationRoboticEducationScale,
	Author = {Ahmad Faizal Abdul Wahab1 and Mustaffa Halabi Azahari2 and Rosita Mohd Tajuddin1},
	Title = {An Evaluation of Robotic Education Scale in Enhancing Science Achievement},
	Year = {2015},
	Address = {Universiti Teknologi MARA},
}

%Uso de robótica para o ensino de matemática.
@article{roboticaEducacionalAulasMatematica,
	Author = {Karina Disconsi Maliuk},
	Title = {Robótica Educacional como Cenário Investigativo nas Aulas de Matemática},
	Year = {2009},
	Address = {Universidade Federal do Rio Grande do Sul, Porto Alegre},
}

%----------------------TRABALHOS TCC E METODOLOGIA CIENTIFICA-----------------------
%Artigo sobre Metodologia Científica
@article{metodologiaCientifica,
	Author = {Maxwell Ferreira de Oliveira},
	Title = {METODOLOGIA CIENTÍFICA: um manual para a realização de pesquisas em administração},
	Year = {2011},
	Address = {Universidade Federal de Goiás, Catalão GO},
}


@article{tccCarol,
	Author = {Carolina Barros Ramalho},
	Title = {Máquina de Raciocínio Lógico para Tomada de Decisões Estratégicas em Robótica Educacional},
	Year = {2015},
}

@article{tccRodrigo,
	Author = {Rodrigo Lopes Rincon},
	Title = {Traveller: Um Framework de Definição de Trajetórias para Robôs Móveis},
	Year = {2015},
}




















@inproceedings{sparrow1980,
	Author = {E. M. Sparrow},
	Title = {Forced Convection Heat Transfer in a Duct Having Spanwise-Periodic
	Rectangular Protuberances},
	Year = {1980},
	Pages = {149-167},
	Volume = {3},
	Booktitle = {Numerical Heat Transfer},
}




@article{coimbra1978,
	Author = {A. L. Coimbra},
	Title = {Lessons of Continuum Mechanics},
	Year = {1978},
	Address = {São Paulo, Brazil},
	Pages = {428},
	Editor = {Edgard Blücher},
}

@inproceedings{bordalo1989,
	Author = {S. N. Bordalo and J. H. Ferziger and S. J. Kline},
	Title = {The Development of Zonal Models for Turbulence},
	Year = {1989},
	Pages = {41-44},
	Booktitle = {Proceedings of the 10th Brazilian Congress of Mechanical
	Engineering}, 
	Volume = {1},	
}

@manual{NBR14724:2011,
	Address = {Rio de Janeiro},
	Date-Added = {2012-12-15 20:34:08 +0000},
	Date-Modified = {2012-12-15 20:35:25 +0000},
	Month = mar,
	Org-Short = {ABNT},
	Organization = {Associa{\c c}\~ao Brasileira de Normas T\'ecnicas},
	Pages = 15,
	Subtitle = {Informa{\c c}\~ao e documenta{\c c}\~ao --- trabalhos acad\^emicos --- apresenta{\c c}\~ao},
	Title = {{NBR} 14724},
	Year = 2011
}

@manual{NBR6034:2000,
	Address = {Rio de Janeiro},
	Org-Short = {ABNT},
	Organization = {Associa{\c c}\~ao Brasileira de Normas T\'ecnicas},
	Subtitle = {Informa{\c c}\~ao e documenta{\c c}\~ao --- Referências},
	Title = {{NBR} 14724},
	Year = 2000
}

